@inproceedings{DBLP:conf/oopsla/GabrielNSS06,
  author    = {Richard P. Gabriel and
               Linda M. Northrop and
               Douglas C. Schmidt and
               Kevin J. Sullivan},
  title     = {Ultra-large-scale systems},
  booktitle = {Companion to the 21th Annual {ACM} {SIGPLAN} Conference on Object-Oriented
               Programming, Systems, Languages, and Applications, {OOPSLA} 2006,
               October 22-26, 2006, Portland, Oregon, {USA}},
  pages     = {632--634},
  year      = {2006},
  crossref  = {DBLP:conf/oopsla/2006c},
  url       = {http://doi.acm.org/10.1145/1176617.1176645},
  doi       = {10.1145/1176617.1176645},
  timestamp = {Mon, 12 Apr 2010 13:40:45 +0200},
  biburl    = {http://dblp.uni-trier.de/rec/bib/conf/oopsla/GabrielNSS06},
  bibsource = {dblp computer science bibliography, http://dblp.org}
}

@proceedings{DBLP:conf/oopsla/2006c,
  editor    = {Peri L. Tarr and
               William R. Cook},
  title     = {Companion to the 21th Annual {ACM} {SIGPLAN} Conference on Object-Oriented
               Programming, Systems, Languages, and Applications, {OOPSLA} 2006,
               October 22-26, 2006, Portland, Oregon, {USA}},
  publisher = {{ACM}},
  year      = {2006},
  isbn      = {1-59593-491-X},
  timestamp = {Wed, 06 Dec 2006 17:42:01 +0100},
  biburl    = {http://dblp.uni-trier.de/rec/bib/conf/oopsla/2006c},
  bibsource = {dblp computer science bibliography, http://dblp.org}
}

@MISC{Murray02controlin,
    author = {R. Murray and Karl J. ˚aström and Stephen P. Boyd and Roger W. Brockett and John A. Burns and Munzer A. Dahleh},
    title = {Control in an Information Rich World},
    year = {2002}
}
